@article{DBLP:journals/iandc/RivestS93,
  author    = {Ronald L. Rivest and
               Robert E. Schapire},
  title     = {Inference of Finite Automata Using Homing Sequences},
  journal   = {Inf. Comput.},
  volume    = {103},
  number    = {2},
  pages     = {299--347},
  year      = {1993},
  url       = {https://doi.org/10.1006/inco.1993.1021},
  doi       = {10.1006/inco.1993.1021},
  timestamp = {Thu, 18 May 2017 09:54:18 +0200},
  biburl    = {http://dblp.org/rec/bib/journals/iandc/RivestS93},
  bibsource = {dblp computer science bibliography, http://dblp.org}
}

@article{DBLP:journals/iandc/Angluin87,
  author    = {Dana Angluin},
  title     = {Learning Regular Sets from Queries and Counterexamples},
  journal   = {Inf. Comput.},
  volume    = {75},
  number    = {2},
  pages     = {87--106},
  year      = {1987},
  url       = {https://doi.org/10.1016/0890-5401(87)90052-6},
  doi       = {10.1016/0890-5401(87)90052-6},
  timestamp = {Thu, 18 May 2017 09:54:17 +0200},
  biburl    = {http://dblp.org/rec/bib/journals/iandc/Angluin87},
  bibsource = {dblp computer science bibliography, http://dblp.org}
}

@article{nerode1958linear,
  title={Linear automaton transformations},
  author={Nerode, Anil},
  journal={Proceedings of the American Mathematical Society},
  volume={9},
  number={4},
  pages={541--544},
  year={1958}
}

@article{DBLP:journals/ipl/Valmari12,
  author    = {Antti Valmari},
  title     = {Fast brief practical {DFA} minimization},
  journal   = {Inf. Process. Lett.},
  volume    = {112},
  number    = {6},
  pages     = {213--217},
  year      = {2012},
  url       = {https://doi.org/10.1016/j.ipl.2011.12.004},
  doi       = {10.1016/j.ipl.2011.12.004},
  timestamp = {Fri, 26 May 2017 22:54:46 +0200},
  biburl    = {http://dblp.org/rec/bib/journals/ipl/Valmari12},
  bibsource = {dblp computer science bibliography, http://dblp.org}
}

@article{DBLP:journals/dam/FlajoletGT92,
  author    = {Philippe Flajolet and
               Dani{\`{e}}le Gardy and
               Lo{\"{y}}s Thimonier},
  title     = {Birthday Paradox, Coupon Collectors, Caching Algorithms and Self-Organizing
               Search},
  journal   = {Discrete Applied Mathematics},
  volume    = {39},
  number    = {3},
  pages     = {207--229},
  year      = {1992},
  url       = {https://doi.org/10.1016/0166-218X(92)90177-C},
  doi       = {10.1016/0166-218X(92)90177-C},
  timestamp = {Sun, 28 May 2017 13:22:28 +0200},
  biburl    = {http://dblp.org/rec/bib/journals/dam/FlajoletGT92},
  bibsource = {dblp computer science bibliography, http://dblp.org}
}

@misc{sandsifter,
  title={Breaking the x86 ISA},
  author={Christopher Domas},
  year={2017},
  howpublished = {\url{https://github.com/xoreaxeaxeax/sandsifter/raw/master/references/domas_breaking_the_x86_isa_wp.pdf}}
}

@misc{falbs,
  title={Fully Automated Luxury Boltzmann Sampling},
  author={David R. MacIver},
  howpublished = {\url{https://github.com/DRMacIver/FALBS}}
}
@inproceedings{DBLP:conf/icfp/MightDS11,
  author    = {Matthew Might and
               David Darais and
               Daniel Spiewak},
  title     = {Parsing with derivatives: a functional pearl},
  booktitle = {Proceeding of the 16th {ACM} {SIGPLAN} international conference on
               Functional Programming, {ICFP} 2011, Tokyo, Japan, September 19-21,
               2011},
  pages     = {189--195},
  year      = {2011},
  crossref  = {DBLP:conf/icfp/2011},
  url       = {http://doi.acm.org/10.1145/2034773.2034801},
  doi       = {10.1145/2034773.2034801},
  timestamp = {Thu, 22 Sep 2011 12:28:20 +0200},
  biburl    = {http://dblp.org/rec/bib/conf/icfp/MightDS11},
  bibsource = {dblp computer science bibliography, http://dblp.org}
}

@proceedings{DBLP:conf/icfp/2011,
  editor    = {Manuel M. T. Chakravarty and
               Zhenjiang Hu and
               Olivier Danvy},
  title     = {Proceeding of the 16th {ACM} {SIGPLAN} international conference on
               Functional Programming, {ICFP} 2011, Tokyo, Japan, September 19-21,
               2011},
  publisher = {{ACM}},
  year      = {2011},
  isbn      = {978-1-4503-0865-6},
  timestamp = {Thu, 22 Sep 2011 12:22:33 +0200},
  biburl    = {http://dblp.org/rec/bib/conf/icfp/2011},
  bibsource = {dblp computer science bibliography, http://dblp.org}
}

@inproceedings{DBLP:conf/pldi/0001HM16,
  author    = {Michael D. Adams and
               Celeste Hollenbeck and
               Matthew Might},
  title     = {On the complexity and performance of parsing with derivatives},
  booktitle = {Proceedings of the 37th {ACM} {SIGPLAN} Conference on Programming
               Language Design and Implementation, {PLDI} 2016, Santa Barbara, CA,
               USA, June 13-17, 2016},
  pages     = {224--236},
  year      = {2016},
  crossref  = {DBLP:conf/pldi/2016},
  url       = {http://doi.acm.org/10.1145/2908080.2908128},
  doi       = {10.1145/2908080.2908128},
  timestamp = {Mon, 06 Jun 2016 12:11:24 +0200},
  biburl    = {http://dblp.org/rec/bib/conf/pldi/0001HM16},
  bibsource = {dblp computer science bibliography, http://dblp.org}
}
@proceedings{DBLP:conf/pldi/2016,
  editor    = {Chandra Krintz and
               Emery Berger},
  title     = {Proceedings of the 37th {ACM} {SIGPLAN} Conference on Programming
               Language Design and Implementation, {PLDI} 2016, Santa Barbara, CA,
               USA, June 13-17, 2016},
  publisher = {{ACM}},
  year      = {2016},
  url       = {http://doi.acm.org/10.1145/2908080},
  doi       = {10.1145/2908080},
  isbn      = {978-1-4503-4261-2},
  timestamp = {Mon, 06 Jun 2016 12:07:41 +0200},
  biburl    = {http://dblp.org/rec/bib/conf/pldi/2016},
  bibsource = {dblp computer science bibliography, http://dblp.org}
}

@article{DBLP:journals/cpc/DuchonFLS04,
  author    = {Philippe Duchon and
               Philippe Flajolet and
               Guy Louchard and
               Gilles Schaeffer},
  title     = {Boltzmann Samplers for the Random Generation of Combinatorial Structures},
  journal   = {Combinatorics, Probability {\&} Computing},
  volume    = {13},
  number    = {4-5},
  pages     = {577--625},
  year      = {2004},
  url       = {https://doi.org/10.1017/S0963548304006315},
  doi       = {10.1017/S0963548304006315},
  timestamp = {Thu, 18 May 2017 09:52:06 +0200},
  biburl    = {http://dblp.org/rec/bib/journals/cpc/DuchonFLS04},
  bibsource = {dblp computer science bibliography, http://dblp.org}
}

@article{DBLP:journals/tse/KnightL86,
  author    = {John C. Knight and
               Nancy G. Leveson},
  title     = {An Experimental Evaluation of the Assumption of Independence in Multiversion
               Programming},
  journal   = {{IEEE} Trans. Software Eng.},
  volume    = {12},
  number    = {1},
  pages     = {96--109},
  year      = {1986},
  url       = {https://doi.org/10.1109/TSE.1986.6312924},
  doi       = {10.1109/TSE.1986.6312924},
  timestamp = {Wed, 17 May 2017 10:56:37 +0200},
  biburl    = {http://dblp.org/rec/bib/journals/tse/KnightL86},
  bibsource = {dblp computer science bibliography, http://dblp.org}
}

@article{knight1990reply,
  title={A reply to the criticisms of the Knight \& Leveson experiment},
  author={Knight, John C and Leveson, Nancy G},
  journal={ACM SIGSOFT Software Engineering Notes},
  volume={15},
  number={1},
  pages={24--35},
  year={1990},
  publisher={ACM}
}

@inproceedings{DBLP:conf/sp/PetsiosTSKJ17,
  author    = {Theofilos Petsios and
               Adrian Tang and
               Salvatore J. Stolfo and
               Angelos D. Keromytis and
               Suman Jana},
  title     = {{NEZHA:} Efficient Domain-Independent Differential Testing},
  booktitle = {2017 {IEEE} Symposium on Security and Privacy, {SP} 2017, San Jose,
               CA, USA, May 22-26, 2017},
  pages     = {615--632},
  year      = {2017},
  crossref  = {DBLP:conf/sp/2017},
  url       = {https://doi.org/10.1109/SP.2017.27},
  doi       = {10.1109/SP.2017.27},
  timestamp = {Tue, 27 Jun 2017 13:01:20 +0200},
  biburl    = {http://dblp.org/rec/bib/conf/sp/PetsiosTSKJ17},
  bibsource = {dblp computer science bibliography, http://dblp.org}
}

@proceedings{DBLP:conf/sp/2017,
  title     = {2017 {IEEE} Symposium on Security and Privacy, {SP} 2017, San Jose,
               CA, USA, May 22-26, 2017},
  publisher = {{IEEE} Computer Society},
  year      = {2017},
  url       = {http://ieeexplore.ieee.org/xpl/mostRecentIssue.jsp?punumber=7957740},
  isbn      = {978-1-5090-5533-3},
  timestamp = {Tue, 27 Jun 2017 13:01:08 +0200},
  biburl    = {http://dblp.org/rec/bib/conf/sp/2017},
  bibsource = {dblp computer science bibliography, http://dblp.org}
}

@article{DBLP:journals/stvr/GroceAZCR16,
  author    = {Alex Groce and
               Mohammad Amin Alipour and
               Chaoqiang Zhang and
               Yang Chen and
               John Regehr},
  title     = {Cause reduction: delta debugging, even without bugs},
  journal   = {Softw. Test., Verif. Reliab.},
  volume    = {26},
  number    = {1},
  pages     = {40--68},
  year      = {2016},
  url       = {https://doi.org/10.1002/stvr.1574},
  doi       = {10.1002/stvr.1574},
  timestamp = {Thu, 08 Jun 2017 09:07:27 +0200},
  biburl    = {http://dblp.org/rec/bib/journals/stvr/GroceAZCR16},
  bibsource = {dblp computer science bibliography, http://dblp.org}
}

@misc{AFL,
  title="American Fuzzy Lop",
  howpublished={http://lcamtuf.coredump.cx/afl/},
  note={Accessed: 2018-01-16},
}

@article{rittel1973dilemmas,
  title={Dilemmas in a general theory of planning},
  author={Rittel, Horst WJ and Webber, Melvin M},
  journal={Policy sciences},
  volume={4},
  number={2},
  pages={155--169},
  year={1973},
  publisher={Springer}
}

@article{warschauer1998computers,
  title={Computers and language learning: An overview},
  author={Warschauer, Mark and Healey, Deborah},
  journal={Language teaching},
  volume={31},
  number={2},
  pages={57--71},
  year={1998},
  publisher={Cambridge University Press}
}

@article{chao1984nonparametric,
  title={Nonparametric estimation of the number of classes in a population},
  author={Chao, Anne},
  journal={Scandinavian Journal of statistics},
  pages={265--270},
  year={1984},
  publisher={JSTOR}
}

@incollection{latala2017royen,
  title={Royen’s proof of the Gaussian correlation inequality},
  author={Lata{\l}a, Rafa{\l} and Matlak, Dariusz},
  booktitle={Geometric Aspects of Functional Analysis},
  pages={265--275},
  year={2017},
  publisher={Springer}
}

@article{bauer2017five,
  title={Five stages of accepting constructive mathematics},
  author={Bauer, Andrej},
  journal={Bulletin of the American Mathematical Society},
  volume={54},
  number={3},
  pages={481--498},
  year={2017}
}

@article{fish2011birds,
  title={Birds of the Internet: Towards a field guide to the organization and governance of participation},
  author={Fish, Adam and Murillo, Luis FR and Nguyen, Lilly and Panofsky, Aaron and Kelty, Christopher M},
  journal={Journal of Cultural Economy},
  volume={4},
  number={2},
  pages={157--187},
  year={2011},
  publisher={Taylor \& Francis}
}

@phdthesis{smith2012mechanizing,
  title={Mechanizing exploratory game design},
  author={Smith, Adam Marshall},
  year={2012},
  school={University of California, Santa Cruz}
}

@article{cross2001can,
  title={Can a machine design?},
  author={Cross, Nigel},
  journal={Design Issues},
  volume={17},
  number={4},
  pages={44--50},
  year={2001},
  publisher={MIT Press}
}

@inproceedings{DBLP:conf/icst/PouldingF15,
  author    = {Simon M. Poulding and
               Robert Feldt},
  title     = {Re-Using Generators of Complex Test Data},
  booktitle = {8th {IEEE} International Conference on Software Testing, Verification
               and Validation, {ICST} 2015, Graz, Austria, April 13-17, 2015},
  pages     = {1--10},
  year      = {2015},
  crossref  = {DBLP:conf/icst/2015},
  url       = {https://doi.org/10.1109/ICST.2015.7102605},
  doi       = {10.1109/ICST.2015.7102605},
  timestamp = {Wed, 24 May 2017 08:30:37 +0200},
  biburl    = {http://dblp.org/rec/bib/conf/icst/PouldingF15},
  bibsource = {dblp computer science bibliography, http://dblp.org}
}
@proceedings{DBLP:conf/icst/2015,
  title     = {8th {IEEE} International Conference on Software Testing, Verification
               and Validation, {ICST} 2015, Graz, Austria, April 13-17, 2015},
  publisher = {{IEEE} Computer Society},
  year      = {2015},
  url       = {http://ieeexplore.ieee.org/xpl/mostRecentIssue.jsp?punumber=7102553},
  isbn      = {978-1-4799-7125-1},
  timestamp = {Fri, 05 Aug 2016 12:49:20 +0200},
  biburl    = {http://dblp.org/rec/bib/conf/icst/2015},
  bibsource = {dblp computer science bibliography, http://dblp.org}
}

@inproceedings{DBLP:conf/icse/FeldtP15,
  author    = {Robert Feldt and
               Simon M. Poulding},
  title     = {Broadening the Search in Search-Based Software Testing: It Need Not
               Be Evolutionary},
  booktitle = {8th {IEEE/ACM} International Workshop on Search-Based Software Testing,
               {SBST} 2015, Florence, Italy, May 18-19, 2015},
  pages     = {1--7},
  year      = {2015},
  crossref  = {DBLP:conf/icse/2015sbst},
  url       = {https://doi.org/10.1109/SBST.2015.8},
  doi       = {10.1109/SBST.2015.8},
  timestamp = {Tue, 23 May 2017 01:11:51 +0200},
  biburl    = {http://dblp.org/rec/bib/conf/icse/FeldtP15},
  bibsource = {dblp computer science bibliography, http://dblp.org}
}
@proceedings{DBLP:conf/icse/2015sbst,
  editor    = {Gregory Gay and
               Giuliano Antoniol},
  title     = {8th {IEEE/ACM} International Workshop on Search-Based Software Testing,
               {SBST} 2015, Florence, Italy, May 18-19, 2015},
  publisher = {{IEEE} Computer Society},
  year      = {2015},
  url       = {http://ieeexplore.ieee.org/xpl/mostRecentIssue.jsp?punumber=7173357},
  isbn      = {978-1-4673-7079-0},
  timestamp = {Wed, 04 May 2016 09:13:09 +0200},
  biburl    = {http://dblp.org/rec/bib/conf/icse/2015sbst},
  bibsource = {dblp computer science bibliography, http://dblp.org}
}

@inproceedings{DBLP:conf/issre/FeldtP13,
  author    = {Robert Feldt and
               Simon M. Poulding},
  title     = {Finding test data with specific properties via metaheuristic search},
  booktitle = {{IEEE} 24th International Symposium on Software Reliability Engineering,
               {ISSRE} 2013, Pasadena, CA, USA, November 4-7, 2013},
  pages     = {350--359},
  year      = {2013},
  crossref  = {DBLP:conf/issre/2013},
  url       = {https://doi.org/10.1109/ISSRE.2013.6698888},
  doi       = {10.1109/ISSRE.2013.6698888},
  timestamp = {Thu, 25 May 2017 00:43:42 +0200},
  biburl    = {http://dblp.org/rec/bib/conf/issre/FeldtP13},
  bibsource = {dblp computer science bibliography, http://dblp.org}
}
@proceedings{DBLP:conf/issre/2013,
  title     = {{IEEE} 24th International Symposium on Software Reliability Engineering,
               {ISSRE} 2013, Pasadena, CA, USA, November 4-7, 2013},
  publisher = {{IEEE} Computer Society},
  year      = {2013},
  url       = {http://ieeexplore.ieee.org/xpl/mostRecentIssue.jsp?punumber=6689494},
  isbn      = {978-1-4799-2366-3},
  timestamp = {Tue, 28 Apr 2015 17:32:20 +0200},
  biburl    = {http://dblp.org/rec/bib/conf/issre/2013},
  bibsource = {dblp computer science bibliography, http://dblp.org}
}


@phdthesis{matela2017tools,
  title={Tools for Discovery, Refinement and Generalization of Functional Properties by Enumerative Testing},
  author={Matela Braquehais, Rudy},
  year={2017},
  school={University of York}
}

@article{DBLP:journals/ijfcs/EomH15,
  author    = {Hae{-}Sung Eom and
               Yo{-}Sub Han},
  title     = {State Complexity of Boundary of Prefix-Free Regular Languages},
  journal   = {Int. J. Found. Comput. Sci.},
  volume    = {26},
  number    = {6},
  pages     = {697--708},
  year      = {2015},
  url       = {https://doi.org/10.1142/S0129054115500392},
  doi       = {10.1142/S0129054115500392},
  timestamp = {Sat, 27 May 2017 14:23:38 +0200},
  biburl    = {http://dblp.org/rec/bib/journals/ijfcs/EomH15},
  bibsource = {dblp computer science bibliography, http://dblp.org}
}

@inproceedings{DBLP:conf/icml/ThollardDH00,
  author    = {Franck Thollard and
               Pierre Dupont and
               Colin de la Higuera},
  title     = {Probabilistic {DFA} Inference using Kullback-Leibler Divergence and
               Minimality},
  booktitle = {Proceedings of the Seventeenth International Conference on Machine
               Learning {(ICML} 2000), Stanford University, Stanford, CA, USA, June
               29 - July 2, 2000},
  pages     = {975--982},
  year      = {2000},
  crossref  = {DBLP:conf/icml/2000},
  timestamp = {Sun, 21 Feb 2010 20:54:50 +0100},
  biburl    = {http://dblp.org/rec/bib/conf/icml/ThollardDH00},
  bibsource = {dblp computer science bibliography, http://dblp.org}
}

@proceedings{DBLP:conf/icml/2000,
  editor    = {Pat Langley},
  title     = {Proceedings of the Seventeenth International Conference on Machine
               Learning {(ICML} 2000), Stanford University, Stanford, CA, USA, June
               29 - July 2, 2000},
  publisher = {Morgan Kaufmann},
  year      = {2000},
  isbn      = {1-55860-707-2},
  timestamp = {Sun, 21 Feb 2010 20:54:50 +0100},
  biburl    = {http://dblp.org/rec/bib/conf/icml/2000},
  bibsource = {dblp computer science bibliography, http://dblp.org}
}


@article{DBLP:journals/pr/BugalhoO05,
  author    = {Miguel M. F. Bugalho and
               Arlindo L. Oliveira},
  title     = {Inference of regular languages using state merging algorithms with
               search},
  journal   = {Pattern Recognition},
  volume    = {38},
  number    = {9},
  pages     = {1457--1467},
  year      = {2005},
  url       = {https://doi.org/10.1016/j.patcog.2004.03.027},
  doi       = {10.1016/j.patcog.2004.03.027},
  timestamp = {Thu, 08 Jun 2017 09:08:38 +0200},
  biburl    = {http://dblp.org/rec/bib/journals/pr/BugalhoO05},
  bibsource = {dblp computer science bibliography, http://dblp.org}
}

@article{DBLP:journals/corr/MensM15,
  author    = {Irini{-}Eleftheria Mens and
               Oded Maler},
  title     = {Learning Regular Languages over Large Ordered Alphabets},
  journal   = {Logical Methods in Computer Science},
  volume    = {11},
  number    = {3},
  year      = {2015},
  url       = {https://doi.org/10.2168/LMCS-11(3:13)2015},
  doi       = {10.2168/LMCS-11(3:13)2015},
  timestamp = {Wed, 03 May 2017 14:47:58 +0200},
  biburl    = {http://dblp.org/rec/bib/journals/corr/MensM15},
  bibsource = {dblp computer science bibliography, http://dblp.org}
}
